<mx:record xmlns="http://www.w3.org/TR/xhtml1/strict" xmlns:mx="http://www.loc.gov/MARC21/slim" xmlns:xsi="http://www.w3.org/2001/XMLSchema-instance"><mx:leader>00000cz 2200000n 0000</mx:leader><mx:controlfield tag="001">oca00425451 </mx:controlfield><mx:controlfield tag="003">OCoLC</mx:controlfield><mx:controlfield tag="005">20060823161610.0</mx:controlfield><mx:controlfield tag="008">800725n| acannaab |a aaa </mx:controlfield><mx:datafield ind1=" " ind2=" " tag="010"><mx:subfield code="a">n 80043427 </mx:subfield></mx:datafield><mx:datafield ind1=" " ind2=" " tag="040"><mx:subfield code="a">DLC</mx:subfield><mx:subfield code="c">DLC</mx:subfield><mx:subfield code="d">DLC</mx:subfield></mx:datafield><mx:datafield ind1="1" ind2=" " tag="100"><mx:subfield code="a">Fulgentius, Fabius Planciades</mx:subfield></mx:datafield><mx:datafield ind1="0" ind2=" " tag="400"><mx:subfield code="a">Fulgenzio</mx:subfield><mx:subfield code="c">il Mitografo</mx:subfield></mx:datafield><mx:datafield ind1="1" ind2=" " tag="400"><mx:subfield code="a">Fulgenzio, Fabio Planciade</mx:subfield></mx:datafield><mx:datafield ind1="0" ind2=" " tag="400"><mx:subfield code="a">Fulgenzio</mx:subfield></mx:datafield><mx:datafield ind1=" " ind2=" " tag="670"><mx:subfield code="a">Hyginus,</mx:subfield><mx:subfield code="b">C. Ivlii Hygini, Avgvsti liberti, fabvlarvm liber, 1570.</mx:subfield></mx:datafield><mx:datafield ind1=" " ind2=" " tag="670"><mx:subfield code="a">Commento all'Eneide, c1997:</mx:subfield><mx:subfield code="b">t.p. (Fulgenzio)</mx:subfield></mx:datafield><mx:datafield ind1=" " ind2=" " tag="670"><mx:subfield code="a">Oxford classical dict., 1949</mx:subfield><mx:subfield code="b">(Fulgentius, Fabius Planciades, native of the province Africa, wrote
            at end of 5th cent. A.D.)</mx:subfield></mx:datafield><mx:datafield ind1=" " ind2=" " tag="999"><mx:subfield code="a">5740.1446</mx:subfield></mx:datafield></mx:record>